%% LaTeX2e file `bachelor-thesis.bib'
%% generated by the `filecontents' environment
%% from source `bachelor-thesis' on 2017/06/02.
%%
@inproceedings {many-classes,
 author     = {Alexander Sobolev and Olga Barinova},
 title       = {Многоклассовая классификация в задаче семантической сегментации},
 publisher=  {Факультет Вычислительной Математики и Кибернетики
  Московский Государственный Университет им. Ломоносова, Москва, Россия},
 langid      = {russian}
}
@article {many-binary,
 author      = {М. Е. Карасиков and Ю. В. Максимов},
 title       = {Поиск эффективных методов снижения размерности при решении задач многоклассовой классификации путем её сведения к решению бинарных задач},
 journal     = {Поиск эффективных методов решения задач многоклассовой классификации},
 year        = {2014},
 langid      = {russian}
}

@booklet { tree-rus,
 author      = {А.В. Сидоров},
 title       = {Алгоритмы создания дерева принятия решений},
 langid      = {russian}
}

@proceedings { tree-eng,
 title       = {Classification and Regression Trees},
 year        = {2014},
 langid      = {english}
}



@article { svm-vorontsov,
 author      = {Константи Вячеславович Воронцов},
 title       = {Лекции по методам опорных векторов},
 journal     = {Курс по машинному обучению},
 year        = {2007},
 langid      = {russian}
}

@inproceedings { svm-moreee,
 author     = {П. В. Борисова and П. С. Мышков and А. А. Незлобин and А. Д. Петров },
 title       = {Классификация веб-страниц
                    на основе алгоритмов машинного обучения},
 year        = {2005},
 langid      = {russian}
}

@article{ regression-vorontsov,
 author      = {Константи Вячеславович Воронцов},
 title       = {Лекции по алгоритмам восстановлении регрессии},
 journal     = {Курс по машинному обучению},
 year        = {2007},
 langid      = {russian}
}

@article { much,
 author      = {Е. А. Соколов},
 title       = {Многоклассовая классификация и категориальные признаки},
 journal     = {Поиск эффективных методов решения задач многоклассовой классификации},
 publisher=  {ФКН ВШЭ},
 year        = {2016},
 langid      = {russian}
}


